 @book{kokoszka_introduction_2017,
	address = {Boca Raton},
	edition = {1},
	title = {Introduction to {Functional} {Data} {Analysis}},
	isbn = {978-1-4987-4634-2},
	language = {Englisch},
	publisher = {Chapman and Hall/CRC},
	author = {Kokoszka, Piotr and Reimherr, Matthew},
	month = aug,
	year = {2017},
}

@book{hsing_theoretical_2015,
	title = {Theoretical {Foundations} of {Functional} {Data} {Analysis}, with an {Introduction} to {Linear} {Operators}},
	isbn = {978-1-118-76256-1},
	language = {en},
	publisher = {John Wiley \& Sons},
	author = {Hsing, Tailen and Eubank, Randall},
	month = mar,
	year = {2015},
}

@book{horvath_inference_2012,
	title = {Inference for {Functional} {Data} with {Applications}},
	isbn = {978-1-4614-3655-3},
	language = {en},
	publisher = {Springer Science \& Business Media},
	author = {Horváth, Lajos and Kokoszka, Piotr},
	month = may,
	year = {2012},
	keywords = {Business \& Economics / Statistics, Mathematics / Probability \& Statistics / General, Mathematics / Probability \& Statistics / Stochastic Processes},
}

@book{ramsay_functional_2005,
	address = {New York},
	edition = {2},
	series = {Springer {Series} in {Statistics}},
	title = {Functional {Data} {Analysis}},
	isbn = {978-0-387-40080-8},
	language = {en},
	publisher = {Springer-Verlag},
	author = {Ramsay, James and Silverman, B. W.},
	year = {2005},
	doi = {10.1007/b98888},
}

@book{shonkwiler_explorations_2009,
	address = {New York},
	series = {Undergraduate {Texts} in {Mathematics}},
	title = {Explorations in {Monte} {Carlo} {Methods}},
	isbn = {978-0-387-87836-2},
	language = {en},
	publisher = {Springer-Verlag},
	author = {Shonkwiler, Ronald W. and Mendivil, Franklin},
	year = {2009},
	doi = {10.1007/978-0-387-87837-9},
}

@article{James.2009,
	abstract = {The Annals of Statistics, 2009, Vol.37, No.5A, 2083-2108},
	author = {James, Gareth M. and Wang, Jing and Zhu, Ji},
	year = {2009},
	title = {Functional linear regression that's interpretable},
	volume = {37},
	number = {5A},
	journal = {The Annals of Statistics},
	doi = {10.1214/08-AOS641},
}

@article{cai_prediction_2006,
	title = {Prediction in functional linear regression},
	volume = {34},
	doi = {10.1214/009053606000000830},
	number = {5},
	journal = {The Annals of Statistics},
	author = {Cai, T. Tony and Hall, Peter},
	month = oct,
	year = {2006},
	note = {Publisher: Institute of Mathematical Statistics},
	pages = {2159--2179},
}

@article{carey_life_2002,
	title = {Life history response of {Mediterranean} fruit flies to dietary restriction},
	volume = {1},
	doi = {10.1046/j.1474-9728.2002.00019.x},
	language = {en},
	number = {2},
	journal = {Aging Cell},
	author = {Carey, James R. and Liedo, Pablo and Harshman, Lawrence and Zhang, Ying and Müller, Hans-Georg and Partridge, Linda and Wang, Jane-Ling},
	year = {2002},
	pages = {140--148},
}

@article{levitin_introduction_2007,
	title = {Introduction to {Functional} {Data} {Analysis}},
	volume = {48},
	doi = {10.1037/cp2007014},
	journal = {Canadian Psychology/Psychologie canadienne},
	author = {Levitin, Daniel and Nuzzo, Regina and Vines, Bradley and Ramsay, James},
	month = aug,
	year = {2007},
	pages = {135--155},
}



@article{Das_2019,
 	author = {Das, Sonali and Demirer, Riza and Gupta, Rangan and Mangisa, Siphumlile},
	year = {2019},
 	title = {The effect of global crises on stock market correlations: Evidence from scalar regressions via functional data analysis},
	pages = {132--147},
	volume = {50},
	journal = {Structural Change and Economic Dynamics},
	doi = {10.1016/j.strueco.2019.05.007},
}


@book{bauer_wahrscheinlichkeitstheorie_2020,
	title = {Wahrscheinlichkeitstheorie und {Grundzüge} der {Maßtheorie}},
	isbn = {978-3-11-231316-9},
	language = {de},
	publisher = {De Gruyter},
	author = {Bauer, Heinz},
	month = may,
	year = {2020},
	doi = {10.1515/9783112313169},
}


@article{Bohacs_Ovadi_Salgo1998,
	author = {{Gy. Boh{\'a}cs, Z. Ov{\'a}di, A. Salg{\'o}}},
	year = {1998},
	title = {Prediction of Gasoline Properties with near Infrared Spectroscopy},
	pages = {341--348},
	volume = {6},
	journal = {Journal of near infrared spectroscopy.},
}


@article{Reiss_2007b,
 author = {Reiss, Philip T. and Ogden, R. Todd},
 year = {2007},
 title = {Functional Principal Component Regression and Functional Partial Least Squares},
 pages = {984--996},
 volume = {102},
 number = {479},
 journal = {Journal of the American Statistical Association},
 doi = {10.1198/016214507000000527},
}

@book{de_boor_practical_1978,
	title = {A {Practical} {Guide} to {Spline}},
	volume = {Volume 27},
	author = {de Boor, Carl},
	month = jan,
	year = {1978},
	doi = {10.2307/2006241},
	note = {Journal Abbreviation: Applied Mathematical Sciences, New York: Springer, 1978
	Publication Title: Applied Mathematical Sciences, New York: Springer, 1978},
}

@article{alexanderian_KLexpansion_2015,
	title={A brief note on the Karhunen-Lo{\`e}ve expansion},
	author={Alen Alexanderian},
	journal={arXiv: Probability},
	year={2015},
	URL={https://arxiv.org/abs/1509.07526},
}

@article{cardot_bumpyfunction_2002,
	title = {Spatially Adaptive Splines for Statistical Linear Inverse Problems},
	journal = {Journal of Multivariate Analysis},
	volume = {81},
	number = {1},
	pages = {100-119},
	year = {2002},
	doi = {https://doi.org/10.1006/jmva.2001.1994},
	author = {Hervé Cardot},
}


@article{ThomasLee_2003,
	author = {Thomas C.M. Lee},
	year = {2003},
	title = {Smoothing parameter selection for smoothing splines: a simulation study},
	pages = {139--148},
	volume = {42},
	number = {1-2},
	journal = {Computational Statistics {\&} Data Analysis},
	doi = {https://doi.org/10.1016/S0167-9473(02)00159-7},
}


@article{Goldsmith_2011,
	author = {Goldsmith, Jeff and Bobb, Jennifer and Crainiceanu, Ciprian M. and Caffo, Brian and Reich, Daniel},
	year = {2011},
	title = {Penalized Functional Regression},
	pages = {830--851},
	volume = {20},
	number = {4},
	journal = {Journal of computational and graphical statistics : a joint publication of American Statistical Association, Institute of Mathematical Statistics, Interface Foundation of North America},
	doi = {10.1198/jcgs.2010.10007},
}



@article{Jolliffe_1982,
	author = {Jolliffe, Ian T.},
	year = {1982},
	title = {A Note on the Use of Principal Components in Regression},
	pages = {300--303},
	volume = {31},
	number = {3},
	journal = {Journal of the Royal Statistical Society: Series C (Applied Statistics)},
	doi = {10.2307/2348005},
}

@article{Dattoli_2001,
author = {Dattoli, Giuseppe and Ricci, Paolo and Cesarano, Clemente},
year = {2001},
month = {01},
pages = {},
title = {A Note on Legendre Polynomials},
volume = {2},
journal = {International Journal of Nonlinear Sciences and Numerical Simulation},
doi = {10.1515/IJNSNS.2001.2.4.365}
}
%%%%%%%%%%%%%%%%%%%%%%%%%%%%%%%%%%%%%%%%%%%%%%%%
% Section for further readings
%%%%%%%%%%%%%%%%%%%%%%%%%%%%%%%%%%%%%%%%%%%%%%%%

@ARTICLE{FR_li_et_al_2020,
  
AUTHOR={Li, Yuanpeng and Guo, Liu and Li, Li and Yang, Chuanmei and Guang, Peiwen and Huang, Furong and Chen, Zhenqiang and Wang, Lihu and Hu, Junhui},   
	 
TITLE={Early Diagnosis of Type 2 Diabetes Based on Near-Infrared Spectroscopy Combined With Machine Learning and Aquaphotomics},      
	
JOURNAL={Frontiers in Chemistry},      
	
VOLUME={8},      

PAGES={1133},     
	
YEAR={2020},          
	
DOI={10.3389/fchem.2020.580489},       
}



